@Book{Uitdenboogaard75,
  author =	 {P.C.~{Uit~den~Boogaard}},
  title = 	 {Woordfrequenties in geschreven en gesproken {N}ederlands},
  publisher = 	 {Scheltema en Holkema},
  year = 	 {1975},
  address =	 {Utrecht, the Netherlands},
  source = {Antal}
}

@InCollection{Daelemans95,
  author = 	 {W.~Daelemans},
  editor = 	 {P.~Steffens},
  booktitle = 	 {Machine Translation and the Lexicon},
  title = 	 {Memory-based lexical acquisition and processing},
  publisher = 	 {Springer-Verlag},
  year = 	 {1995},
  OPTvolume = 	 {898},
  series = 	 {Lecture Notes in Artificial Intelligence},
  address = 	 {Berlin},
  pages = 	 {85--98},
  archive = {Jorn},
  source ={Jorn}
}

@inproceedings{Daelemans+96,
   author = {W.~Daelemans and J.~Zavrel and P.~Berck and S.~Gillis},
   booktitle = {Proc. of Fourth Workshop on Very Large Corpora},
   organization = {ACL SIGDAT},
   pages = {14--27},
   editor = {E.~Ejerhed and I.~Dagan},
   title = {{\sc mbt}: A Memory-Based Part of Speech Tagger Generator},
   year = {1996},
   archive = {Jorn},
   source ={Jorn}
}

@inproceedings{Zavrel+99,
   author = {J. Zavrel and W. Daelemans},
   title =  {Recent Advances in Memory-Based Part-of-Speech Tagging},
   booktitle = {VI Simposio Internacional de Comunicacion Social, Santiago de Cuba},
   pages = {590--597}, 
   year = {1999}
}

@TechReport{Daelemans+02,
  author = 	 {Walter Daelemans and Jakub Zavrel and Ko van der Sloot and Antal van den Bosch},
  title = 	 {{TiMBL}: Tilburg Memory Based Learner, version 4.3, Reference Guide},
  institution =  {Tilburg University},
  year = 	 2002,
  type =	 {ILK Technical Report},
  number =	 {02-10},
  note =	 {available from http://ilk.uvt.nl/downloads/pub/papers/ilk.0210.ps}
}
